@InProceedings{Reynaert08c,
  author = {Martin Reynaert},
  title = {All, and only, the Errors: more Complete and Consistent Spelling and {OCR}-Error Correction Evaluation},
  booktitle = {Proceedings of the Sixth International Language Resources and Evaluation (LREC'08)},
  year = {2008},
  month = {may},
  date = {28-30},
  address = {Marrakech, Morocco},
  editor = {Nicoletta Calzolari et al.},
  publisher = {European Language Resources Association (ELRA)},
  language = {english}
  }
  @article{Reynaert2010,
author = {Martin Reynaert},
title = {Character confusion versus focus word-based correction of spelling and {OCR} variants in corpora},
journal ={International Journal of Document Analysis and Recognition},
volume = {},
year = {2010},
isbn = {},
pages = {},
publisher = {Springer},
address = {},
}